@article{boehm2002,
Author = {BOEHM, B},
Title = {Balancing agility and discipline},
Year = {2002},
Address = {Boston},
Publisher = {Addison-Wesley},
}

@misc{paulo,
Author = {LOPES, Paulo},
Title = {Uma Taxonomia da Pesquisa na Área de Engenharia de Requisitos},
Year = {2002},
Url = { https://books.google.com.br/books/about/Uma_taxonomia_da_pesquisa_na_%C3%A1rea_de_en.html?id=SaQsHAAACAAJ&redir_esc=y },
note = {Acesso: 2016-04},
}

@article{vieiraM,
Author = {VIEIRA, M},
Title = {Gerenciamento de projetos de tecnologia da informação},
Year = 2003
}

@book{Poppendieck,
Author = {Tom Poppendieck and Mary Poppendieck},
Title = {Lean software development: An agile toolkit for software development managers},
Year = {2003},
Publisher = {Addison-Wesley},
Address = {London UK},
}

@misc{MELLO,
Author = {MELLO, Moacyr},
Title = {Um Caminho Seguro para o Processo de Desenvolvimento - SAFe (Scaled Agile Framework)},
Year = {2013},
Url = { https://www.ibm.com/developerworks/community/blogs/rationalbrasil/entry/um_caminho_seguro_para_o_processo_de_desenvolvimento_safe_scaled_agile_framework?lang=en },
note = {Acesso: 2016-04},
}

@misc{revistaER,
Author = {Cleyverson Pereira},
Title = { Modelos de Maturidade na Gestão de Projetos},
Publisher = {Revista Engenharia de Software edição 18},
Year = {2009},
Url = {http://www.devmedia.com.br/artigo-engenharia-de-software-18-modelos-de-maturidade-na-gestao-de-projetos/14804#ixzz465UEA2zZ},
note = {Accessed: 2016-04},
}

@misc{modelo,
Author = {Cleyverson Pereira},
Title = {Uma Análise do Modelo de Maturidade OPM3},
Publisher = {Revista Engenharia de Software edição 9},
Year = {2008},
Url = { http://www.devmedia.com.br/artigo-engenharia-de-software-9-uma-analise-do-modelo-de-maturidade-opm3/11602\#ixzz465ZGTxhL },
note = {Acesso: 2016-04},
}

@misc{alvares,
Author = {ALVARES L. S},
Title = {Elicitação de Requisitos: Levantamento de requisitos e técnicas de Elicitação},
Year = {2014},
Url = { http://www.devmedia.com.br/elicitacao-de-requisitos-levantamento-de-requisitos-e-tecnicas-de-elicitacao/31872 },
note = {Acesso: 2016-04},
}

@book{moraes,
Author = {MORAES, D},
Title = {Técnicas para levantamento de Requisitos},
Year = {2009},
Publisher={Revista Engenharia de Software edição 2},
Url = { http://www.devmedia.com.br/engenharia-de-software-2-tecnicas-para-levantamento-de-requisitos/9151 },
note = {Acesso: 2016-04},
}

@misc{silveira,
Author = {SILVEIRA, R},
Title = {O que é o MPS.br},
Year = {2012},
Url = { https://www.oficinadanet.com.br/artigo/desenvolvimento/melhoria-de-processos-do-software-brasileiro--mpsbr },
note = {Acesso: 2016-05},
}

@misc{mps,
Title = {MPS-BR},
Url = { http://www.pdcase.com/mps-br .},
note = {Acesso: 2016-05},
}

@misc{softex,
Author = {SOFTEX},
Title = {Melhoria de Processo do Software Brasileiro},
Year = {2006},
Url = { http://homepages.dcc.ufmg.br/~rodolfo/GPS1-Turma11/MPS.BR_Guia[1].pdf },
note = {Acesso: 2016-05},
}

@misc{blaschek,
Author = {Blaschek, R},
Title = {Gerência de Requisitos: O principal problema dos projetos de software},
Year = {2002},
Url = { http://www.bfpug.com.br/islig-rio/Downloads/Ger%C3%AAncia%20de%20Requisitos-o%20Principal%20Problema%20dos%20Projetos%20de%20SW.pdf },
note = {Acesso: 2016-05},
}

@misc{borland,
Url = { http://www.borland.com/en-GB/Products/Requirements-Management/Caliber },
note = {Acesso: 2016-05},
}

@article{pressman,
Author = {Roger Pressman},
Title = {Engenharia de software 7ª ed},
Editor = {Bookman},
Year = {2006},
Address = {Porto Alegre},
}

@article{ian,
Author = {Ian SOMMERVILLE
},
Title = {Engenharia de software 8ª ed},
Editor = {Addison-Wesley},
Year = {2007},
Address = {São Paulo},
}

@article{kotonya,
Author = {G KOTONYA and Ian SOMMERVILLE
},
Title = {Requirements Engineering: Process and Techniques},
Year = 1998
}

@misc{pohl,
Author = {POHL, Klaus and RUPP, Chris},
Title = {Fundamentos da Engenharia de Requisitos},
Year = {2012},
Url = { http://www.ifc-camboriu.edu.br/~catia/TSI14/Fundamentos%20da%20Engenharia%20de%20Requisitos.pdf },
note = {Acesso: 2016-05},
}

@misc{castro,
Author = {J Castro},
Title = {Elicitação e Análise de Requisitos},
Year = {2015},
Adress = {Universidade Federal de
Pernambuco},
Url = { http://www.cin.ufpe.br/~if119/aulas/cap3.PDF },
note = {Acesso: 2016-05},
}

@misc{camila,
Author = {Camila Rocha},
Title = {Join Application Design JAD},
Year = {2014},
Url = { http://www.matera.com/br/2014/02/11/joint-application-design-jad/ },
note = {Acesso: 2016-05},
}

@misc{miranda,
Author = {A MIRANDA},
Title = { Desenvolvimento tradicional x desenvolvimento ágil de software},
Year = {2013},
Url = { http://blog.ceviu.com.br/info/artigos/desenvolvimento-tradicional-x-desenvolvimento-agil-de-software/},
note = {Acesso: 2016-05},
}

@misc{santiago,
Author = {M Santiago},
Title = { Ensaio do SWEBOK – Software Engineering Body Of Knowledge},
Url = { http://www.cin.ufpe.br/~bfs3/UFPE/Engenharia_Software/77017069-SWEBOK-traduzido.pdf },
note = {Acesso: 2016-05},
Year = 2011
}

@misc{rup,
Author = {IBM},
Title = {Rational Unified Process. Best Practices for Software Development Teams
},
Year = {2001},
Url = { https://www.ibm.com/developerworks/rational/library/content/03July/1000/1251/1251_bestpractices_TP026B.pdf },
note = {Acesso: 2016-05},
}

@misc{falbo,
Author = {FALBO},
Title = {Engenharia de requisitos},
Url = { http://www.inf.ufes.br/~falbo/files/Notas_Aula_Engenharia_Requisitos.pdf },
note = {Acesso: 2016-05},
Year = {2012},
}

@article{davis,
Author = { DAVIS
},
Title = { Software requirements: objects, functions and states},
Address = { New Jersey: Prentice–Hall},
Year = {1993},
}

@misc{gotel,
Author = {Gotel FINKELSTEIN
},
Title = { Contribution structures for requirements traceability},
Year = {1995},
Url = {  http://www0.cs.ucl.ac.uk/staff/A.Finkelstein/papers/contrib.pdf},
note = {Acesso: 2016-05},
}

@misc{inpe,
Author = {Elias Genvigir
},
Title = {Um modelo para rastreabilidade de requisitos de software baseado em generalização de elos e atributos},
Year = {2009},
Url = {  http://mtc-m16c.sid.inpe.br/col/sid.inpe.br/mtc-m18@80/2009/03.02.14.17/doc/publicacao.pdf },
note = {Acesso: 2016-05},
}
